<?xml version="1.0" encoding="UTF-8"?><collection xmlns="http://www.loc.gov/MARC21/slim"><record><leader>00259nam--2200109-i-4500</leader><controlfield tag="001">000004433</controlfield><controlfield tag="002">20161230</controlfield><controlfield tag="005">20161230201025</controlfield><controlfield tag="008">060222s1000------------r-----000-0-eng-d</controlfield><datafield ind1=" " ind2=" " tag="100"><subfield code="a">Austin I.G</subfield></datafield><datafield ind1=" " ind2=" " tag="245"><subfield code="a">The optical properties of bismuth tellu- ride</subfield></datafield><datafield ind1=" " ind2=" " tag="852"><subfield code="a">5698</subfield></datafield></record></collection>